@book{learning-opencv-3,
    author = "Bradski, Gary and Kaehler, Adrian",
    title = "Learning OpenCV 3",
    publisher = "O'Reilly Media, Inc.",
    year = 2016
}

@book{digital-image-processing,
author = "Gonzalez, Rafael C. and Woods, Richard E.",
title = "Digital Image Processing, 4th Edition",
publisher = "Pearson Education, Inc.",
year = 2018
}
